<?xml version="1.0" encoding="UTF-8"?>
<record>
  <leader>01053nam a2200313 cc4500</leader>
  <controlfield tag="005">20230627083942.0</controlfield>
  <controlfield tag="007">tu</controlfield>
  <controlfield tag="008">210528|2021    gw            ||| | ger c</controlfield>
  <controlfield tag="003">DE-605</controlfield>
  <controlfield tag="001">99370782520706441</controlfield>
  <datafield tag="020" ind1=" " ind2=" ">
    <subfield code="a">9783948683061</subfield>
    <subfield code="9">978-3-948-683-06-1</subfield>
  </datafield>
  <datafield tag="020" ind1=" " ind2=" ">
    <subfield code="a">9783481042769</subfield>
    <subfield code="c">ISBN aufgeklebt</subfield>
    <subfield code="9">978-3-481-04276-9</subfield>
  </datafield>
  <datafield tag="035" ind1=" " ind2=" ">
    <subfield code="a">(DE-605)HT020936481</subfield>
  </datafield>
  <datafield tag="040" ind1=" " ind2=" ">
    <subfield code="a">HBZ/ALMA-NZ</subfield>
    <subfield code="b">ger</subfield>
    <subfield code="c">DE-A96</subfield>
    <subfield code="d">743</subfield>
    <subfield code="e">rda</subfield>
    <subfield code="d">DE-605</subfield>
  </datafield>
  <datafield tag="041" ind1=" " ind2=" ">
    <subfield code="a">ger</subfield>
  </datafield>
  <datafield tag="044" ind1=" " ind2=" ">
    <subfield code="c">XA-DE</subfield>
  </datafield>
  <datafield tag="110" ind1="2" ind2=" ">
    <subfield code="a">Baukosteninformationszentrum Deutscher Architektenkammern</subfield>
    <subfield code="0">(DE-588)5253963-5</subfield>
    <subfield code="4">aut</subfield>
    <subfield code="9">O:H</subfield>
    <subfield code="0">https://portal.dnb.de/opac.htm?method=simpleSearch&amp;cqlMode=true&amp;query=idn=952415585</subfield>
    <subfield code="0">http://viaf.org/viaf/sourceID/DNB|952415585</subfield>
    <subfield code="B">GND-952415585</subfield>
  </datafield>
  <datafield tag="245" ind1="1" ind2="0">
    <subfield code="a">BKI-Baukosten ... Neubau</subfield>
    <subfield code="n">2021</subfield>
    <subfield code="n">Teil 2</subfield>
    <subfield code="p">Statistische Kostenkennwerte für Bauelemente</subfield>
    <subfield code="c">BKI, Baukosteninformationszentrum (Hrsg.)</subfield>
  </datafield>
  <datafield tag="264" ind1=" " ind2="1">
    <subfield code="c">2021</subfield>
  </datafield>
  <datafield tag="300" ind1=" " ind2=" ">
    <subfield code="a">612 Seiten</subfield>
    <subfield code="b">Illustrationen, Tabellen</subfield>
  </datafield>
  <datafield tag="336" ind1=" " ind2=" ">
    <subfield code="b">txt</subfield>
  </datafield>
  <datafield tag="337" ind1=" " ind2=" ">
    <subfield code="b">n</subfield>
  </datafield>
  <datafield tag="338" ind1=" " ind2=" ">
    <subfield code="b">nc</subfield>
  </datafield>
  <datafield tag="490" ind1="0" ind2=" ">
    <subfield code="a">BKI-Baukosten ... Neubau</subfield>
    <subfield code="v">2</subfield>
  </datafield>
  <datafield tag="035" ind1=" " ind2=" ">
    <subfield code="a">(DE-599)HBZHT020936481</subfield>
  </datafield>
  <datafield tag="964" ind1="0" ind2="i">
    <subfield code="I">marc-FMT via MAB2MARC</subfield>
    <subfield code="F">FMT</subfield>
    <subfield code="A">BK</subfield>
  </datafield>
  <datafield tag="964" ind1="0" ind2="s">
    <subfield code="F">030</subfield>
    <subfield code="A">a|zur||||||||</subfield>
  </datafield>
  <datafield tag="964" ind1="0" ind2="s">
    <subfield code="F">050</subfield>
    <subfield code="A">a|a|||||||||||</subfield>
  </datafield>
  <datafield tag="773" ind1="0" ind2="8">
    <subfield code="w">(DE-600)2830085-3</subfield>
    <subfield code="q">2021,2</subfield>
  </datafield>
  <datafield tag="MBD" ind1=" " ind2=" ">
    <subfield code="M">49HBZ_NETWORK</subfield>
    <subfield code="i">99370782520706441</subfield>
    <subfield code="n">HBZ Network</subfield>
  </datafield>
  <datafield tag="MBD" ind1=" " ind2=" ">
    <subfield code="M">49HBZ_BRIDGE_HBT</subfield>
    <subfield code="i">9921408307820</subfield>
    <subfield code="n">Bibliothek der Hochschule Trier</subfield>
  </datafield>
  <datafield tag="MBD" ind1=" " ind2=" ">
    <subfield code="M">49HBZ_FHA</subfield>
    <subfield code="i">991005837939006444</subfield>
    <subfield code="n">Hochschulbibliothek der FH Aachen</subfield>
  </datafield>
  <datafield tag="MBD" ind1=" " ind2=" ">
    <subfield code="M">49HBZ_HBO</subfield>
    <subfield code="i">991000356449706454</subfield>
    <subfield code="n">Hochschule Bochum</subfield>
  </datafield>
  <datafield tag="MBD" ind1=" " ind2=" ">
    <subfield code="M">49HBZ_OWL</subfield>
    <subfield code="i">991002380949706468</subfield>
    <subfield code="n">Hochschule Ostwestfalen-Lippe</subfield>
  </datafield>
  <datafield tag="MBD" ind1=" " ind2=" ">
    <subfield code="M">49HBZ_UBA</subfield>
    <subfield code="i">991013528409706448</subfield>
    <subfield code="n">RWTH Aachen</subfield>
  </datafield>
  <datafield tag="MBD" ind1=" " ind2=" ">
    <subfield code="M">49HBZ_THK</subfield>
    <subfield code="i">991000323719706477</subfield>
    <subfield code="n">Technische Hochschule Köln (TH Köln)</subfield>
  </datafield>
  <datafield tag="MBD" ind1=" " ind2=" ">
    <subfield code="M">49HBZ_UBD</subfield>
    <subfield code="i">991013500472206445</subfield>
    <subfield code="n">Technische Universität Dortmund</subfield>
  </datafield>
  <datafield tag="MBD" ind1=" " ind2=" ">
    <subfield code="M">49HBZ_UBO</subfield>
    <subfield code="i">991020967889706471</subfield>
    <subfield code="n">Universität Bochum</subfield>
  </datafield>
  <datafield tag="MBD" ind1=" " ind2=" ">
    <subfield code="M">49HBZ_UDE</subfield>
    <subfield code="i">99206834293406446</subfield>
    <subfield code="n">Universität Duisburg-Essen</subfield>
  </datafield>
  <datafield tag="MBD" ind1=" " ind2=" ">
    <subfield code="M">49HBZ_SIE</subfield>
    <subfield code="i">990203171780106462</subfield>
    <subfield code="n">Universität Siegen</subfield>
  </datafield>
  <datafield tag="MNG" ind1=" " ind2=" ">
    <subfield code="c">golecka######49HBZ_HSD</subfield>
    <subfield code="f">OTHER</subfield>
    <subfield code="i">marc21</subfield>
    <subfield code="k">01</subfield>
    <subfield code="e">false</subfield>
    <subfield code="d">2023-06-27 08:39:42 Europe/Berlin</subfield>
    <subfield code="g">99370782520706441</subfield>
    <subfield code="j">50</subfield>
    <subfield code="a">kowalewski######49HBZ_FHA</subfield>
    <subfield code="b">2021-05-28 12:09:51 Europe/Berlin</subfield>
  </datafield>
  <datafield tag="H52" ind1="0" ind2=" ">
    <subfield code="b">T0012</subfield>
    <subfield code="c">00000000</subfield>
    <subfield code="h">A 12/0024,2021,2</subfield>
    <subfield code="8">2211319980007820</subfield>
  </datafield>
  <datafield tag="HOL" ind1=" " ind2=" ">
    <subfield code="d">2023-06-30 14:36:59</subfield>
    <subfield code="8">2211319980007820</subfield>
    <subfield code="b">2023-06-30 14:36:59</subfield>
    <subfield code="M">49HBZ_BRIDGE_HBT</subfield>
    <subfield code="g">false</subfield>
    <subfield code="a">System</subfield>
    <subfield code="c">System</subfield>
  </datafield>
  <datafield tag="ITM" ind1=" " ind2=" ">
    <subfield code="H">2211319980007820</subfield>
    <subfield code="x">00000000</subfield>
    <subfield code="f">BOOK</subfield>
    <subfield code="v">00000000</subfield>
    <subfield code="p">02</subfield>
    <subfield code="X">System</subfield>
    <subfield code="Y">2021-11-23 01:00:00 Europe/Berlin</subfield>
    <subfield code="n">A 12/0024,2021,2</subfield>
    <subfield code="M">49HBZ_BRIDGE_HBT</subfield>
    <subfield code="s">1</subfield>
    <subfield code="d">0</subfield>
    <subfield code="V">System</subfield>
    <subfield code="b">084578</subfield>
    <subfield code="a">2311319960007820</subfield>
    <subfield code="c">A 12/0024,2021,2</subfield>
    <subfield code="W">2023-06-30 16:36:59 Europe/Berlin</subfield>
    <subfield code="u">T0012</subfield>
    <subfield code="w">T0012</subfield>
  </datafield>
  <datafield tag="H52" ind1="8" ind2=" ">
    <subfield code="b">BAY</subfield>
    <subfield code="c">BAY_Frei</subfield>
    <subfield code="h">11 XBS 53-2021,2</subfield>
    <subfield code="8">2289819190006444</subfield>
  </datafield>
  <datafield tag="HOL" ind1=" " ind2=" ">
    <subfield code="d">2021-05-31 12:41:23</subfield>
    <subfield code="8">2289819190006444</subfield>
    <subfield code="b">2021-05-31 12:39:32</subfield>
    <subfield code="M">49HBZ_FHA</subfield>
    <subfield code="g">false</subfield>
    <subfield code="a">Acquisition (PO line POL21-870)</subfield>
    <subfield code="c">i.hahn</subfield>
  </datafield>
  <datafield tag="ITM" ind1=" " ind2=" ">
    <subfield code="H">2289819190006444</subfield>
    <subfield code="x">BAY_Frei</subfield>
    <subfield code="f">BOOK</subfield>
    <subfield code="v">BAY_Frei</subfield>
    <subfield code="X">br5092e</subfield>
    <subfield code="U">2021-05-31 14:00:00 Europe/Berlin</subfield>
    <subfield code="Y">2023-06-28 07:28:33 Europe/Berlin</subfield>
    <subfield code="M">49HBZ_FHA</subfield>
    <subfield code="s">1</subfield>
    <subfield code="d">8</subfield>
    <subfield code="V">Acquisition (PO line POL21-870)</subfield>
    <subfield code="b">11 XBS 53-2021,2</subfield>
    <subfield code="O">LabelPrinted: 10.06.2022 - 10:13 Uhr</subfield>
    <subfield code="a">2389819160006444</subfield>
    <subfield code="c">11 XBS 53-2021,2</subfield>
    <subfield code="S">POL21-870</subfield>
    <subfield code="W">2021-05-31 14:39:39 Europe/Berlin</subfield>
    <subfield code="u">BAY</subfield>
    <subfield code="w">BAY</subfield>
  </datafield>
  <datafield tag="ITM" ind1=" " ind2=" ">
    <subfield code="H">2289819190006444</subfield>
    <subfield code="x">BAY_Frei</subfield>
    <subfield code="f">BOOK</subfield>
    <subfield code="v">BAY_Frei</subfield>
    <subfield code="X">br5092e</subfield>
    <subfield code="U">2021-05-31 14:00:00 Europe/Berlin</subfield>
    <subfield code="Y">2023-04-21 11:26:04 Europe/Berlin</subfield>
    <subfield code="M">49HBZ_FHA</subfield>
    <subfield code="s">0</subfield>
    <subfield code="d">8</subfield>
    <subfield code="V">Acquisition (PO line POL21-870)</subfield>
    <subfield code="b">11 XBS 53-2021,2+1</subfield>
    <subfield code="O">LabelPrinted: 01.06.2021 - 14:02 Uhr</subfield>
    <subfield code="a">2389819170006444</subfield>
    <subfield code="c">11 XBS 53-2021,2</subfield>
    <subfield code="r">LOAN</subfield>
    <subfield code="S">POL21-870</subfield>
    <subfield code="W">2021-05-31 14:39:39 Europe/Berlin</subfield>
    <subfield code="u">BAY</subfield>
    <subfield code="w">BAY</subfield>
  </datafield>
  <datafield tag="ITM" ind1=" " ind2=" ">
    <subfield code="H">2289819190006444</subfield>
    <subfield code="x">BAY_Frei</subfield>
    <subfield code="f">BOOK</subfield>
    <subfield code="v">BAY_Frei</subfield>
    <subfield code="X">preibisch-cetiner</subfield>
    <subfield code="U">2021-05-31 14:00:00 Europe/Berlin</subfield>
    <subfield code="Y">2023-06-27 15:35:17 Europe/Berlin</subfield>
    <subfield code="M">49HBZ_FHA</subfield>
    <subfield code="s">1</subfield>
    <subfield code="d">8</subfield>
    <subfield code="V">Acquisition (PO line POL21-870)</subfield>
    <subfield code="b">11 XBS 53-2021,2+2</subfield>
    <subfield code="O">LabelPrinted: 01.06.2021 - 14:02 Uhr</subfield>
    <subfield code="a">2389819180006444</subfield>
    <subfield code="c">11 XBS 53-2021,2</subfield>
    <subfield code="S">POL21-870</subfield>
    <subfield code="W">2021-05-31 14:39:32 Europe/Berlin</subfield>
    <subfield code="u">BAY</subfield>
    <subfield code="w">BAY</subfield>
  </datafield>
  <datafield tag="ITM" ind1=" " ind2=" ">
    <subfield code="H">2289819190006444</subfield>
    <subfield code="x">BAY_Frei</subfield>
    <subfield code="f">BOOK</subfield>
    <subfield code="v">BAY_Frei</subfield>
    <subfield code="X">br5092e</subfield>
    <subfield code="U">2021-05-31 09:20:39 Europe/Berlin</subfield>
    <subfield code="Y">2023-05-08 08:06:21 Europe/Berlin</subfield>
    <subfield code="M">49HBZ_FHA</subfield>
    <subfield code="s">1</subfield>
    <subfield code="d">8</subfield>
    <subfield code="V">Acquisition (PO line POL21-870)</subfield>
    <subfield code="b">11 XBS 53-2021,2+3</subfield>
    <subfield code="O">LabelPrinted: 01.06.2021 - 14:02 Uhr</subfield>
    <subfield code="a">2389819140006444</subfield>
    <subfield code="c">11 XBS 53-2021,2</subfield>
    <subfield code="S">POL21-870</subfield>
    <subfield code="W">2021-05-31 14:39:39 Europe/Berlin</subfield>
    <subfield code="u">BAY</subfield>
    <subfield code="w">BAY</subfield>
  </datafield>
  <datafield tag="ITM" ind1=" " ind2=" ">
    <subfield code="H">2289819190006444</subfield>
    <subfield code="x">BAY_Frei</subfield>
    <subfield code="f">BOOK</subfield>
    <subfield code="v">BAY_Frei</subfield>
    <subfield code="X">gevers</subfield>
    <subfield code="U">2021-05-31 14:00:00 Europe/Berlin</subfield>
    <subfield code="Y">2023-06-14 14:30:16 Europe/Berlin</subfield>
    <subfield code="M">49HBZ_FHA</subfield>
    <subfield code="s">1</subfield>
    <subfield code="d">8</subfield>
    <subfield code="V">Acquisition (PO line POL21-870)</subfield>
    <subfield code="b">11 XBS 53-2021,2+4</subfield>
    <subfield code="O">LabelPrinted: 01.06.2021 - 14:02 Uhr</subfield>
    <subfield code="a">2389819150006444</subfield>
    <subfield code="c">11 XBS 53-2021,2</subfield>
    <subfield code="S">POL21-870</subfield>
    <subfield code="W">2021-05-31 14:39:39 Europe/Berlin</subfield>
    <subfield code="u">BAY</subfield>
    <subfield code="w">BAY</subfield>
  </datafield>
  <datafield tag="ITM" ind1=" " ind2=" ">
    <subfield code="H">2289819190006444</subfield>
    <subfield code="x">BAY_Frei</subfield>
    <subfield code="f">BOOK</subfield>
    <subfield code="v">BAY_Frei</subfield>
    <subfield code="X">System</subfield>
    <subfield code="U">2021-06-07 14:00:00 Europe/Berlin</subfield>
    <subfield code="Y">2023-04-28 12:00:30 Europe/Berlin</subfield>
    <subfield code="M">49HBZ_FHA</subfield>
    <subfield code="s">1</subfield>
    <subfield code="d">8</subfield>
    <subfield code="V">Acquisition (PO line POL21-928)</subfield>
    <subfield code="b">11 XBS 53-2021,2+6</subfield>
    <subfield code="O">LabelPrinted: 08.06.2021 - 14:22 Uhr</subfield>
    <subfield code="a">2389949700006444</subfield>
    <subfield code="c">11 XBS 53-2021,2</subfield>
    <subfield code="S">POL21-928</subfield>
    <subfield code="W">2021-06-07 14:42:03 Europe/Berlin</subfield>
    <subfield code="u">BAY</subfield>
    <subfield code="w">BAY</subfield>
  </datafield>
  <datafield tag="ITM" ind1=" " ind2=" ">
    <subfield code="H">2289819190006444</subfield>
    <subfield code="x">BAY_Frei</subfield>
    <subfield code="f">BOOK</subfield>
    <subfield code="v">BAY_Frei</subfield>
    <subfield code="X">br5092e</subfield>
    <subfield code="U">2021-06-07 14:00:00 Europe/Berlin</subfield>
    <subfield code="Y">2023-05-17 09:34:19 Europe/Berlin</subfield>
    <subfield code="M">49HBZ_FHA</subfield>
    <subfield code="s">1</subfield>
    <subfield code="d">8</subfield>
    <subfield code="V">Acquisition (PO line POL21-928)</subfield>
    <subfield code="b">11 XBS 53-2021,2+7</subfield>
    <subfield code="O">LabelPrinted: 08.06.2021 - 14:22 Uhr</subfield>
    <subfield code="a">2389949710006444</subfield>
    <subfield code="c">11 XBS 53-2021,2</subfield>
    <subfield code="S">POL21-928</subfield>
    <subfield code="W">2021-06-07 14:42:03 Europe/Berlin</subfield>
    <subfield code="u">BAY</subfield>
    <subfield code="w">BAY</subfield>
  </datafield>
  <datafield tag="ITM" ind1=" " ind2=" ">
    <subfield code="H">2289819190006444</subfield>
    <subfield code="x">BAY_Frei</subfield>
    <subfield code="f">BOOK</subfield>
    <subfield code="v">BAY_Frei</subfield>
    <subfield code="X">gevers</subfield>
    <subfield code="U">2021-06-07 14:00:00 Europe/Berlin</subfield>
    <subfield code="Y">2023-06-27 10:58:15 Europe/Berlin</subfield>
    <subfield code="M">49HBZ_FHA</subfield>
    <subfield code="s">1</subfield>
    <subfield code="d">8</subfield>
    <subfield code="V">Acquisition (PO line POL21-928)</subfield>
    <subfield code="b">11 XBS 53-2021,2+12</subfield>
    <subfield code="O">LabelPrinted: 08.06.2021 - 14:22 Uhr</subfield>
    <subfield code="a">2389949690006444</subfield>
    <subfield code="c">11 XBS 53-2021,2</subfield>
    <subfield code="S">POL21-928</subfield>
    <subfield code="W">2021-06-07 14:42:03 Europe/Berlin</subfield>
    <subfield code="u">BAY</subfield>
    <subfield code="w">BAY</subfield>
  </datafield>
  <datafield tag="ITM" ind1=" " ind2=" ">
    <subfield code="H">2289819190006444</subfield>
    <subfield code="x">BAY_Frei</subfield>
    <subfield code="f">BOOK</subfield>
    <subfield code="v">BAY_Frei</subfield>
    <subfield code="X">gevers</subfield>
    <subfield code="U">2021-06-07 14:00:00 Europe/Berlin</subfield>
    <subfield code="Y">2021-11-24 10:16:30 Europe/Berlin</subfield>
    <subfield code="M">49HBZ_FHA</subfield>
    <subfield code="s">0</subfield>
    <subfield code="d">8</subfield>
    <subfield code="V">Acquisition (PO line POL21-928)</subfield>
    <subfield code="b">11 XBS 53-2021,2+5</subfield>
    <subfield code="O">LabelPrinted: 08.06.2021 - 14:22 Uhr</subfield>
    <subfield code="a">2389949680006444</subfield>
    <subfield code="c">11 XBS 53-2021,2</subfield>
    <subfield code="r">LOAN</subfield>
    <subfield code="S">POL21-928</subfield>
    <subfield code="W">2021-06-07 14:42:03 Europe/Berlin</subfield>
    <subfield code="u">BAY</subfield>
    <subfield code="w">BAY</subfield>
  </datafield>
  <datafield tag="ITM" ind1=" " ind2=" ">
    <subfield code="H">2289819190006444</subfield>
    <subfield code="x">BAY_Frei</subfield>
    <subfield code="f">BOOK</subfield>
    <subfield code="v">BAY_Frei</subfield>
    <subfield code="X">gevers</subfield>
    <subfield code="U">2021-06-07 14:00:00 Europe/Berlin</subfield>
    <subfield code="Y">2023-07-03 14:29:17 Europe/Berlin</subfield>
    <subfield code="M">49HBZ_FHA</subfield>
    <subfield code="s">1</subfield>
    <subfield code="d">8</subfield>
    <subfield code="V">Acquisition (PO line POL21-928)</subfield>
    <subfield code="b">11 XBS 53-2021,2+8</subfield>
    <subfield code="O">LabelPrinted: 08.06.2021 - 14:22 Uhr</subfield>
    <subfield code="a">2389949720006444</subfield>
    <subfield code="c">11 XBS 53-2021,2</subfield>
    <subfield code="S">POL21-928</subfield>
    <subfield code="W">2021-06-07 14:42:03 Europe/Berlin</subfield>
    <subfield code="u">BAY</subfield>
    <subfield code="w">BAY</subfield>
  </datafield>
  <datafield tag="ITM" ind1=" " ind2=" ">
    <subfield code="H">2289819190006444</subfield>
    <subfield code="x">BAY_Frei</subfield>
    <subfield code="f">BOOK</subfield>
    <subfield code="v">BAY_Frei</subfield>
    <subfield code="X">System</subfield>
    <subfield code="U">2021-06-07 14:00:00 Europe/Berlin</subfield>
    <subfield code="Y">2023-05-04 15:17:02 Europe/Berlin</subfield>
    <subfield code="M">49HBZ_FHA</subfield>
    <subfield code="s">1</subfield>
    <subfield code="d">8</subfield>
    <subfield code="V">Acquisition (PO line POL21-928)</subfield>
    <subfield code="b">11 XBS 53-2021,2+9</subfield>
    <subfield code="O">LabelPrinted: 08.06.2021 - 14:22 Uhr</subfield>
    <subfield code="a">2389949730006444</subfield>
    <subfield code="c">11 XBS 53-2021,2</subfield>
    <subfield code="S">POL21-928</subfield>
    <subfield code="W">2021-06-07 14:42:03 Europe/Berlin</subfield>
    <subfield code="u">BAY</subfield>
    <subfield code="w">BAY</subfield>
  </datafield>
  <datafield tag="ITM" ind1=" " ind2=" ">
    <subfield code="H">2289819190006444</subfield>
    <subfield code="x">BAY_Frei</subfield>
    <subfield code="f">BOOK</subfield>
    <subfield code="v">BAY_Frei</subfield>
    <subfield code="X">br5092e</subfield>
    <subfield code="U">2021-06-07 14:00:00 Europe/Berlin</subfield>
    <subfield code="Y">2023-08-31 11:33:14 Europe/Berlin</subfield>
    <subfield code="M">49HBZ_FHA</subfield>
    <subfield code="s">1</subfield>
    <subfield code="d">8</subfield>
    <subfield code="V">Acquisition (PO line POL21-928)</subfield>
    <subfield code="b">11 XBS 53-2021,2+10</subfield>
    <subfield code="O">LabelPrinted: 08.06.2021 - 14:22 Uhr</subfield>
    <subfield code="a">2389949740006444</subfield>
    <subfield code="c">11 XBS 53-2021,2</subfield>
    <subfield code="S">POL21-928</subfield>
    <subfield code="W">2021-06-07 14:42:03 Europe/Berlin</subfield>
    <subfield code="u">BAY</subfield>
    <subfield code="w">BAY</subfield>
  </datafield>
  <datafield tag="ITM" ind1=" " ind2=" ">
    <subfield code="H">2289819190006444</subfield>
    <subfield code="x">BAY_Frei</subfield>
    <subfield code="f">BOOK</subfield>
    <subfield code="v">BAY_Frei</subfield>
    <subfield code="X">br5092e</subfield>
    <subfield code="U">2021-06-07 14:37:00 Europe/Berlin</subfield>
    <subfield code="Y">2023-07-12 10:50:12 Europe/Berlin</subfield>
    <subfield code="M">49HBZ_FHA</subfield>
    <subfield code="s">1</subfield>
    <subfield code="d">8</subfield>
    <subfield code="V">Acquisition (PO line POL21-928)</subfield>
    <subfield code="b">11 XBS 53-2021,2+11</subfield>
    <subfield code="O">LabelPrinted: 08.06.2021 - 14:22 Uhr</subfield>
    <subfield code="a">2389949750006444</subfield>
    <subfield code="c">11 XBS 53-2021,2</subfield>
    <subfield code="S">POL21-928</subfield>
    <subfield code="K">Leichte Beschädigung am vorderen Einband (Knicke) direkt nach Eintreffen in Bib. 09.06.21 nei</subfield>
    <subfield code="W">2021-06-07 14:40:49 Europe/Berlin</subfield>
    <subfield code="u">BAY</subfield>
    <subfield code="w">BAY</subfield>
  </datafield>
  <datafield tag="H52" ind1="8" ind2=" ">
    <subfield code="b">BOT</subfield>
    <subfield code="c">BOT_FREI</subfield>
    <subfield code="h">RS 87-2-2021</subfield>
    <subfield code="8">2213413840006454</subfield>
  </datafield>
  <datafield tag="HOL" ind1=" " ind2=" ">
    <subfield code="b">2022-07-24 08:41:37</subfield>
    <subfield code="8">2213413840006454</subfield>
    <subfield code="M">49HBZ_HBO</subfield>
    <subfield code="g">false</subfield>
    <subfield code="a">import</subfield>
  </datafield>
  <datafield tag="ITM" ind1=" " ind2=" ">
    <subfield code="H">2213413840006454</subfield>
    <subfield code="x">BOT_FREI</subfield>
    <subfield code="f">BOOK</subfield>
    <subfield code="v">BOT_FREI</subfield>
    <subfield code="p">NA</subfield>
    <subfield code="X">System</subfield>
    <subfield code="U">2022-07-17 12:59:00 Europe/Berlin</subfield>
    <subfield code="Y">2023-02-03 12:46:02 Europe/Berlin</subfield>
    <subfield code="h">false</subfield>
    <subfield code="n">RS 87-2-2021</subfield>
    <subfield code="P">Buch</subfield>
    <subfield code="Q">A</subfield>
    <subfield code="M">49HBZ_HBO</subfield>
    <subfield code="s">1</subfield>
    <subfield code="d">8</subfield>
    <subfield code="V">import</subfield>
    <subfield code="b">01383988</subfield>
    <subfield code="O">Lieferantencode: 108 | Kostenstelle: 1/QVMR | Erwerbungsdatum: 23.07.2021</subfield>
    <subfield code="N">Letzte Rückgabe: 011202896 am 02.03.2022  11:25:00</subfield>
    <subfield code="a">2313413830006454</subfield>
    <subfield code="c">RS 87-2-2021</subfield>
    <subfield code="B">A21/38</subfield>
    <subfield code="W">2022-07-24 10:41:37 Europe/Berlin</subfield>
    <subfield code="u">BOT</subfield>
    <subfield code="w">BOT</subfield>
  </datafield>
  <datafield tag="H52" ind1="8" ind2=" ">
    <subfield code="b">DT</subfield>
    <subfield code="c">DT_Frei</subfield>
    <subfield code="h">XBR190(2021)</subfield>
    <subfield code="8">2239214070006468</subfield>
  </datafield>
  <datafield tag="HOL" ind1=" " ind2=" ">
    <subfield code="b">2023-07-18 13:32:38</subfield>
    <subfield code="8">2239214070006468</subfield>
    <subfield code="M">49HBZ_OWL</subfield>
    <subfield code="g">false</subfield>
    <subfield code="a">import</subfield>
  </datafield>
  <datafield tag="ITM" ind1=" " ind2=" ">
    <subfield code="H">2239214070006468</subfield>
    <subfield code="x">DT_Frei</subfield>
    <subfield code="f">BOOK</subfield>
    <subfield code="v">DT_Frei</subfield>
    <subfield code="p">S</subfield>
    <subfield code="X">System</subfield>
    <subfield code="U">2023-07-18 12:59:00 Europe/Berlin</subfield>
    <subfield code="Y">2023-08-30 13:27:25 Europe/Berlin</subfield>
    <subfield code="h">false</subfield>
    <subfield code="n">21XBR190(2021)-2</subfield>
    <subfield code="G">1</subfield>
    <subfield code="M">49HBZ_OWL</subfield>
    <subfield code="s">1</subfield>
    <subfield code="d">8</subfield>
    <subfield code="V">import</subfield>
    <subfield code="L">ClassificationNo: 0 | SISIS-Magazindrucker: 0 | HBZ01: HT020936481 | Anzahl Beilagen: 1</subfield>
    <subfield code="b">21XBR190(2021)-2</subfield>
    <subfield code="O">SISIS-Ausleihzähler vorletztes Migrationsjahr: 0 | SISIS-Vormerkzähler Migrationsjahr: 0 | SISIS-vorletztes Rückgabedatum: 2023-06-21 | SISIS-Buchdaten-Aufnahmedatum: 2022-05-12</subfield>
    <subfield code="N">Fernleihkonditionen: 0 | Sigel: 743 | Klassifikation: 0 | Altersbegrenzung: 0 | SISIS-Ausleihzähler Migrationsjahr: 5 | SISIS-Ausleihzähler Vor-Migrationsjahr: 5</subfield>
    <subfield code="a">2339214060006468</subfield>
    <subfield code="c">XBR190(2021)</subfield>
    <subfield code="B">K-2101104</subfield>
    <subfield code="W">2023-07-18 15:32:38 Europe/Berlin</subfield>
    <subfield code="u">DT</subfield>
    <subfield code="w">DT</subfield>
  </datafield>
  <datafield tag="H52" ind1="8" ind2=" ">
    <subfield code="b">LBS</subfield>
    <subfield code="c">0</subfield>
    <subfield code="8">22218957910006448</subfield>
  </datafield>
  <datafield tag="HOL" ind1=" " ind2=" ">
    <subfield code="b">2022-07-20 21:07:23</subfield>
    <subfield code="8">22218957910006448</subfield>
    <subfield code="M">49HBZ_UBA</subfield>
    <subfield code="g">false</subfield>
    <subfield code="a">import</subfield>
  </datafield>
  <datafield tag="H52" ind1="8" ind2=" ">
    <subfield code="b">ZB</subfield>
    <subfield code="c">MAGAZIN_3</subfield>
    <subfield code="8">22218957820006448</subfield>
  </datafield>
  <datafield tag="HOL" ind1=" " ind2=" ">
    <subfield code="d">2022-09-02 09:00:56</subfield>
    <subfield code="8">22218957820006448</subfield>
    <subfield code="b">2022-07-20 21:07:23</subfield>
    <subfield code="M">49HBZ_UBA</subfield>
    <subfield code="g">false</subfield>
    <subfield code="a">import</subfield>
    <subfield code="c">UBID-PPEME8J7</subfield>
  </datafield>
  <datafield tag="H52" ind1="8" ind2=" ">
    <subfield code="b">202</subfield>
    <subfield code="c">7</subfield>
    <subfield code="8">22218957800006448</subfield>
  </datafield>
  <datafield tag="HOL" ind1=" " ind2=" ">
    <subfield code="b">2022-07-20 21:07:23</subfield>
    <subfield code="8">22218957800006448</subfield>
    <subfield code="M">49HBZ_UBA</subfield>
    <subfield code="g">false</subfield>
    <subfield code="a">import</subfield>
  </datafield>
  <datafield tag="ITM" ind1=" " ind2=" ">
    <subfield code="H">22218957910006448</subfield>
    <subfield code="x">0</subfield>
    <subfield code="f">BOOK</subfield>
    <subfield code="v">0</subfield>
    <subfield code="p">Lehrbuch</subfield>
    <subfield code="X">System</subfield>
    <subfield code="U">2022-07-20 12:59:00 Europe/Berlin</subfield>
    <subfield code="Y">2022-07-20 23:07:52 Europe/Berlin</subfield>
    <subfield code="h">false</subfield>
    <subfield code="n">01:ZI 3850 0003-2021,2</subfield>
    <subfield code="G">1</subfield>
    <subfield code="M">49HBZ_UBA</subfield>
    <subfield code="s">1</subfield>
    <subfield code="d">8</subfield>
    <subfield code="V">import</subfield>
    <subfield code="L">Magazinetage: 0</subfield>
    <subfield code="b">ZI 3850 0003-2021,2=3</subfield>
    <subfield code="O">Ausleihzähler Migrationsjahr: 0 | Ausleihzähler Vor-Migrationsjahr: 0 | Ausleihzähler vorletztes Migrationsjahr: 0 | Vormerkzähler Migrationsjahr: 0 | Buchdaten-Aufnahmedatum: 2021-06-18</subfield>
    <subfield code="N">Fernleihkonditionen: 3</subfield>
    <subfield code="a">23218957880006448</subfield>
    <subfield code="t">8</subfield>
    <subfield code="W">2022-07-20 23:07:23 Europe/Berlin</subfield>
    <subfield code="u">LBS</subfield>
    <subfield code="w">LBS</subfield>
  </datafield>
  <datafield tag="ITM" ind1=" " ind2=" ">
    <subfield code="H">22218957820006448</subfield>
    <subfield code="x">MAGAZIN_3</subfield>
    <subfield code="f">BOOK</subfield>
    <subfield code="v">MAGAZIN_3</subfield>
    <subfield code="p">Standard</subfield>
    <subfield code="X">UBID-NSDX83XH</subfield>
    <subfield code="U">2022-07-20 11:01:24 Europe/Berlin</subfield>
    <subfield code="Y">2023-01-09 15:34:06 Europe/Berlin</subfield>
    <subfield code="h">false</subfield>
    <subfield code="n">(1)62276</subfield>
    <subfield code="G">1</subfield>
    <subfield code="M">49HBZ_UBA</subfield>
    <subfield code="s">1</subfield>
    <subfield code="d">8</subfield>
    <subfield code="V">import</subfield>
    <subfield code="b">(1)62276</subfield>
    <subfield code="O">Buchdaten-Aufnahmedatum: 2021-06-18</subfield>
    <subfield code="a">23218957810006448</subfield>
    <subfield code="t">8</subfield>
    <subfield code="B">2021-4231</subfield>
    <subfield code="W">2022-07-20 23:07:23 Europe/Berlin</subfield>
    <subfield code="u">ZB</subfield>
    <subfield code="w">ZB</subfield>
  </datafield>
  <datafield tag="ITM" ind1=" " ind2=" ">
    <subfield code="H">22218957800006448</subfield>
    <subfield code="x">7</subfield>
    <subfield code="f">BOOK</subfield>
    <subfield code="v">7</subfield>
    <subfield code="p">Praesenzexemplar</subfield>
    <subfield code="X">UBID-XDERXZYH</subfield>
    <subfield code="U">2022-07-20 11:35:07 Europe/Berlin</subfield>
    <subfield code="Y">2023-03-08 11:35:09 Europe/Berlin</subfield>
    <subfield code="h">false</subfield>
    <subfield code="n">202:KC 700 BKI 2021 B F 2</subfield>
    <subfield code="G">1</subfield>
    <subfield code="M">49HBZ_UBA</subfield>
    <subfield code="s">1</subfield>
    <subfield code="d">8</subfield>
    <subfield code="V">import</subfield>
    <subfield code="L">Alternative Signatur: 202:ZI 3850 KC 700 BKI 2021 B F 2 | Magazinetage: 0</subfield>
    <subfield code="b">022844 211</subfield>
    <subfield code="O">Ausleihzähler Migrationsjahr: 0 | Ausleihzähler Vor-Migrationsjahr: 0 | Ausleihzähler vorletztes Migrationsjahr: 0 | Vormerkzähler Migrationsjahr: 0 | Buchdaten-Aufnahmedatum: 2021-07-29</subfield>
    <subfield code="N">Fernleihkonditionen: 3</subfield>
    <subfield code="a">23218957790006448</subfield>
    <subfield code="t">8</subfield>
    <subfield code="B">2112021-169</subfield>
    <subfield code="W">2022-07-20 23:07:23 Europe/Berlin</subfield>
    <subfield code="u">202</subfield>
    <subfield code="w">202</subfield>
  </datafield>
  <datafield tag="ITM" ind1=" " ind2=" ">
    <subfield code="H">22218957910006448</subfield>
    <subfield code="x">0</subfield>
    <subfield code="f">BOOK</subfield>
    <subfield code="v">0</subfield>
    <subfield code="p">Lehrbuch</subfield>
    <subfield code="X">UBID-S84F9ZLC</subfield>
    <subfield code="U">2022-07-20 12:59:00 Europe/Berlin</subfield>
    <subfield code="Y">2022-08-22 14:16:08 Europe/Berlin</subfield>
    <subfield code="h">false</subfield>
    <subfield code="n">01:ZI 3850 0003-2021,2</subfield>
    <subfield code="G">1</subfield>
    <subfield code="M">49HBZ_UBA</subfield>
    <subfield code="s">1</subfield>
    <subfield code="d">8</subfield>
    <subfield code="V">import</subfield>
    <subfield code="L">Magazinetage: 0</subfield>
    <subfield code="b">ZI 3850 0003-2021,2=1</subfield>
    <subfield code="O">Ausleihzähler Migrationsjahr: 3 | Ausleihzähler Vor-Migrationsjahr: 1 | Ausleihzähler vorletztes Migrationsjahr: 0 | Vormerkzähler Migrationsjahr: 0 | vorletztes Rückgabedatum: 2022-03-24 | Buchdaten-Aufnahmedatum: 2021-06-18</subfield>
    <subfield code="N">Fernleihkonditionen: 3</subfield>
    <subfield code="a">23218957850006448</subfield>
    <subfield code="t">8</subfield>
    <subfield code="W">2022-07-20 23:07:23 Europe/Berlin</subfield>
    <subfield code="u">LBS</subfield>
    <subfield code="w">LBS</subfield>
  </datafield>
  <datafield tag="ITM" ind1=" " ind2=" ">
    <subfield code="H">22218957910006448</subfield>
    <subfield code="x">0</subfield>
    <subfield code="f">BOOK</subfield>
    <subfield code="v">0</subfield>
    <subfield code="p">Lehrbuch</subfield>
    <subfield code="X">System</subfield>
    <subfield code="U">2022-07-20 12:59:00 Europe/Berlin</subfield>
    <subfield code="Y">2022-07-20 23:07:52 Europe/Berlin</subfield>
    <subfield code="h">false</subfield>
    <subfield code="n">01:ZI 3850 0003-2021,2</subfield>
    <subfield code="G">1</subfield>
    <subfield code="M">49HBZ_UBA</subfield>
    <subfield code="s">1</subfield>
    <subfield code="d">8</subfield>
    <subfield code="V">import</subfield>
    <subfield code="L">Magazinetage: 0</subfield>
    <subfield code="b">ZI 3850 0003-2021,2=5</subfield>
    <subfield code="O">Ausleihzähler Migrationsjahr: 0 | Ausleihzähler Vor-Migrationsjahr: 2 | Ausleihzähler vorletztes Migrationsjahr: 0 | Vormerkzähler Migrationsjahr: 0 | vorletztes Rückgabedatum: 2021-06-21 | Buchdaten-Aufnahmedatum: 2021-06-18</subfield>
    <subfield code="N">Fernleihkonditionen: 3</subfield>
    <subfield code="a">23218957840006448</subfield>
    <subfield code="t">8</subfield>
    <subfield code="W">2022-07-20 23:07:23 Europe/Berlin</subfield>
    <subfield code="u">LBS</subfield>
    <subfield code="w">LBS</subfield>
  </datafield>
  <datafield tag="ITM" ind1=" " ind2=" ">
    <subfield code="H">22218957910006448</subfield>
    <subfield code="x">0</subfield>
    <subfield code="f">BOOK</subfield>
    <subfield code="v">0</subfield>
    <subfield code="p">Lehrbuch</subfield>
    <subfield code="X">System</subfield>
    <subfield code="U">2022-07-20 12:59:00 Europe/Berlin</subfield>
    <subfield code="Y">2022-07-20 23:07:52 Europe/Berlin</subfield>
    <subfield code="h">false</subfield>
    <subfield code="n">01:ZI 3850 0003-2021,2</subfield>
    <subfield code="G">1</subfield>
    <subfield code="M">49HBZ_UBA</subfield>
    <subfield code="s">1</subfield>
    <subfield code="d">8</subfield>
    <subfield code="V">import</subfield>
    <subfield code="L">Magazinetage: 0</subfield>
    <subfield code="b">ZI 3850 0003-2021,2=4</subfield>
    <subfield code="O">Ausleihzähler Migrationsjahr: 0 | Ausleihzähler Vor-Migrationsjahr: 0 | Ausleihzähler vorletztes Migrationsjahr: 0 | Vormerkzähler Migrationsjahr: 0 | Buchdaten-Aufnahmedatum: 2021-06-18</subfield>
    <subfield code="N">Fernleihkonditionen: 3</subfield>
    <subfield code="a">23218957830006448</subfield>
    <subfield code="t">8</subfield>
    <subfield code="W">2022-07-20 23:07:23 Europe/Berlin</subfield>
    <subfield code="u">LBS</subfield>
    <subfield code="w">LBS</subfield>
  </datafield>
  <datafield tag="ITM" ind1=" " ind2=" ">
    <subfield code="H">22218957910006448</subfield>
    <subfield code="x">0</subfield>
    <subfield code="f">BOOK</subfield>
    <subfield code="v">0</subfield>
    <subfield code="p">Lehrbuch</subfield>
    <subfield code="X">UBID-RZ98DPL7</subfield>
    <subfield code="U">2022-07-20 12:59:00 Europe/Berlin</subfield>
    <subfield code="Y">2022-12-14 10:39:01 Europe/Berlin</subfield>
    <subfield code="h">false</subfield>
    <subfield code="n">01:ZI 3850 0003-2021,2</subfield>
    <subfield code="G">1</subfield>
    <subfield code="M">49HBZ_UBA</subfield>
    <subfield code="s">1</subfield>
    <subfield code="d">8</subfield>
    <subfield code="V">import</subfield>
    <subfield code="L">Magazinetage: 0</subfield>
    <subfield code="b">ZI 3850 0003-2021,2=2</subfield>
    <subfield code="O">Ausleihzähler Migrationsjahr: 1 | Ausleihzähler Vor-Migrationsjahr: 1 | Ausleihzähler vorletztes Migrationsjahr: 0 | Vormerkzähler Migrationsjahr: 0 | vorletztes Rückgabedatum: 2022-01-26 | Buchdaten-Aufnahmedatum: 2021-06-18</subfield>
    <subfield code="N">Fernleihkonditionen: 3</subfield>
    <subfield code="a">23218957870006448</subfield>
    <subfield code="t">8</subfield>
    <subfield code="W">2022-07-20 23:07:23 Europe/Berlin</subfield>
    <subfield code="u">LBS</subfield>
    <subfield code="w">LBS</subfield>
  </datafield>
  <datafield tag="H52" ind1="8" ind2=" ">
    <subfield code="b">DEUTZ</subfield>
    <subfield code="c">32</subfield>
    <subfield code="h">XBR1535-2021,2</subfield>
    <subfield code="8">2246584970006477</subfield>
  </datafield>
  <datafield tag="HOL" ind1=" " ind2=" ">
    <subfield code="b">2023-08-17 19:55:27</subfield>
    <subfield code="8">2246584970006477</subfield>
    <subfield code="M">49HBZ_THK</subfield>
    <subfield code="g">false</subfield>
    <subfield code="a">import</subfield>
  </datafield>
  <datafield tag="H52" ind1="8" ind2=" ">
    <subfield code="b">DEUTZ</subfield>
    <subfield code="c">31</subfield>
    <subfield code="h">XBR1535-2021,2</subfield>
    <subfield code="8">2246585070006477</subfield>
  </datafield>
  <datafield tag="HOL" ind1=" " ind2=" ">
    <subfield code="b">2023-08-17 19:55:27</subfield>
    <subfield code="8">2246585070006477</subfield>
    <subfield code="M">49HBZ_THK</subfield>
    <subfield code="g">false</subfield>
    <subfield code="a">import</subfield>
  </datafield>
  <datafield tag="ITM" ind1=" " ind2=" ">
    <subfield code="H">2246585070006477</subfield>
    <subfield code="x">31</subfield>
    <subfield code="f">BOOK</subfield>
    <subfield code="v">31</subfield>
    <subfield code="X">AMO_CO_FIX</subfield>
    <subfield code="U">2023-08-16 12:59:00 Europe/Berlin</subfield>
    <subfield code="Y">2023-08-17 19:40:06 Europe/Berlin</subfield>
    <subfield code="h">false</subfield>
    <subfield code="n">31XBR1535-2021,2+2</subfield>
    <subfield code="P">Notation: XBR</subfield>
    <subfield code="G">1</subfield>
    <subfield code="M">49HBZ_THK</subfield>
    <subfield code="s">1</subfield>
    <subfield code="d">8</subfield>
    <subfield code="V">import</subfield>
    <subfield code="L">HBZ01: HT020936481</subfield>
    <subfield code="b">31XBR1535-2021,2+2</subfield>
    <subfield code="O">SISIS-Ausleihzähler Migrationsjahr: 0 | SISIS-Ausleihzähler Vor-Migrationsjahr: 0 | SISIS-Ausleihzähler vorletztes Migrationsjahr: 1 | SISIS-Vormerkzähler Migrationsjahr: 0</subfield>
    <subfield code="N">SISIS-Buchdaten-Aufnahmedatum: 2021-10-20</subfield>
    <subfield code="a">2346585050006477</subfield>
    <subfield code="c">XBR1535-2021,2</subfield>
    <subfield code="W">2023-08-17 21:55:27 Europe/Berlin</subfield>
    <subfield code="u">DEUTZ</subfield>
    <subfield code="w">DEUTZ</subfield>
  </datafield>
  <datafield tag="ITM" ind1=" " ind2=" ">
    <subfield code="H">2246585070006477</subfield>
    <subfield code="x">31</subfield>
    <subfield code="f">BOOK</subfield>
    <subfield code="v">31</subfield>
    <subfield code="X">System</subfield>
    <subfield code="U">2023-08-16 12:59:00 Europe/Berlin</subfield>
    <subfield code="Y">2023-08-17 22:42:35 Europe/Berlin</subfield>
    <subfield code="h">false</subfield>
    <subfield code="n">31XBR1535-2021,2+3</subfield>
    <subfield code="P">Notation: XBR</subfield>
    <subfield code="G">1</subfield>
    <subfield code="M">49HBZ_THK</subfield>
    <subfield code="s">0</subfield>
    <subfield code="d">8</subfield>
    <subfield code="V">import</subfield>
    <subfield code="L">HBZ01: HT020936481</subfield>
    <subfield code="b">31XBR1535-2021,2+3</subfield>
    <subfield code="O">SISIS-Ausleihzähler Migrationsjahr: 1 | SISIS-Ausleihzähler Vor-Migrationsjahr: 7 | SISIS-Ausleihzähler vorletztes Migrationsjahr: 3 | SISIS-Vormerkzähler Migrationsjahr: 0 | SISIS-vorletztes Rückgabedatum: 2022-08-01</subfield>
    <subfield code="N">SISIS-Buchdaten-Aufnahmedatum: 2021-10-20</subfield>
    <subfield code="a">2346585040006477</subfield>
    <subfield code="c">XBR1535-2021,2</subfield>
    <subfield code="r">LOAN</subfield>
    <subfield code="W">2023-08-17 21:55:27 Europe/Berlin</subfield>
    <subfield code="u">DEUTZ</subfield>
    <subfield code="w">DEUTZ</subfield>
  </datafield>
  <datafield tag="ITM" ind1=" " ind2=" ">
    <subfield code="H">2246585070006477</subfield>
    <subfield code="x">31</subfield>
    <subfield code="f">BOOK</subfield>
    <subfield code="v">31</subfield>
    <subfield code="X">AMO_CO_FIX</subfield>
    <subfield code="U">2023-08-16 12:59:00 Europe/Berlin</subfield>
    <subfield code="Y">2023-08-17 19:40:06 Europe/Berlin</subfield>
    <subfield code="h">false</subfield>
    <subfield code="n">31XBR1535-2021,2+4</subfield>
    <subfield code="P">Notation: XBR</subfield>
    <subfield code="G">1</subfield>
    <subfield code="M">49HBZ_THK</subfield>
    <subfield code="s">1</subfield>
    <subfield code="d">8</subfield>
    <subfield code="V">import</subfield>
    <subfield code="L">HBZ01: HT020936481</subfield>
    <subfield code="b">31XBR1535-2021,2+4</subfield>
    <subfield code="O">SISIS-Ausleihzähler Migrationsjahr: 7 | SISIS-Ausleihzähler Vor-Migrationsjahr: 14 | SISIS-Ausleihzähler vorletztes Migrationsjahr: 2 | SISIS-Vormerkzähler Migrationsjahr: 0 | SISIS-vorletztes Rückgabedatum: 2023-05-25</subfield>
    <subfield code="N">SISIS-Buchdaten-Aufnahmedatum: 2021-10-20</subfield>
    <subfield code="a">2346585030006477</subfield>
    <subfield code="c">XBR1535-2021,2</subfield>
    <subfield code="W">2023-08-17 21:55:27 Europe/Berlin</subfield>
    <subfield code="u">DEUTZ</subfield>
    <subfield code="w">DEUTZ</subfield>
  </datafield>
  <datafield tag="ITM" ind1=" " ind2=" ">
    <subfield code="H">2246585070006477</subfield>
    <subfield code="x">31</subfield>
    <subfield code="f">BOOK</subfield>
    <subfield code="v">31</subfield>
    <subfield code="X">System</subfield>
    <subfield code="U">2023-08-16 12:59:00 Europe/Berlin</subfield>
    <subfield code="Y">2023-08-17 22:42:35 Europe/Berlin</subfield>
    <subfield code="h">false</subfield>
    <subfield code="n">31XBR1535-2021,2+1</subfield>
    <subfield code="P">Notation: XBR</subfield>
    <subfield code="G">1</subfield>
    <subfield code="M">49HBZ_THK</subfield>
    <subfield code="s">0</subfield>
    <subfield code="d">8</subfield>
    <subfield code="V">import</subfield>
    <subfield code="L">HBZ01: HT020936481</subfield>
    <subfield code="b">31XBR1535-2021,2+1</subfield>
    <subfield code="O">SISIS-Ausleihzähler Migrationsjahr: 1 | SISIS-Ausleihzähler Vor-Migrationsjahr: 0 | SISIS-Ausleihzähler vorletztes Migrationsjahr: 2 | SISIS-Vormerkzähler Migrationsjahr: 0</subfield>
    <subfield code="N">SISIS-Buchdaten-Aufnahmedatum: 2021-10-20</subfield>
    <subfield code="a">2346585060006477</subfield>
    <subfield code="c">XBR1535-2021,2</subfield>
    <subfield code="r">LOAN</subfield>
    <subfield code="W">2023-08-17 21:55:27 Europe/Berlin</subfield>
    <subfield code="u">DEUTZ</subfield>
    <subfield code="w">DEUTZ</subfield>
  </datafield>
  <datafield tag="ITM" ind1=" " ind2=" ">
    <subfield code="H">2246585070006477</subfield>
    <subfield code="x">31</subfield>
    <subfield code="f">BOOK</subfield>
    <subfield code="v">31</subfield>
    <subfield code="X">AMO_CO_FIX</subfield>
    <subfield code="U">2023-08-16 12:59:00 Europe/Berlin</subfield>
    <subfield code="Y">2023-08-17 19:40:06 Europe/Berlin</subfield>
    <subfield code="h">false</subfield>
    <subfield code="n">31XBR1535-2021,2+6</subfield>
    <subfield code="P">Notation: XBR</subfield>
    <subfield code="G">1</subfield>
    <subfield code="M">49HBZ_THK</subfield>
    <subfield code="s">1</subfield>
    <subfield code="d">8</subfield>
    <subfield code="V">import</subfield>
    <subfield code="L">HBZ01: HT020936481</subfield>
    <subfield code="b">31XBR1535-2021,2+6</subfield>
    <subfield code="O">SISIS-Ausleihzähler Migrationsjahr: 0 | SISIS-Ausleihzähler Vor-Migrationsjahr: 14 | SISIS-Ausleihzähler vorletztes Migrationsjahr: 2 | SISIS-Vormerkzähler Migrationsjahr: 0</subfield>
    <subfield code="N">SISIS-Buchdaten-Aufnahmedatum: 2021-10-20</subfield>
    <subfield code="a">2346585010006477</subfield>
    <subfield code="c">XBR1535-2021,2</subfield>
    <subfield code="W">2023-08-17 21:55:27 Europe/Berlin</subfield>
    <subfield code="u">DEUTZ</subfield>
    <subfield code="w">DEUTZ</subfield>
  </datafield>
  <datafield tag="ITM" ind1=" " ind2=" ">
    <subfield code="H">2246584970006477</subfield>
    <subfield code="x">32</subfield>
    <subfield code="f">BOOK</subfield>
    <subfield code="v">32</subfield>
    <subfield code="X">AMO_CO_FIX</subfield>
    <subfield code="U">2023-08-16 12:59:00 Europe/Berlin</subfield>
    <subfield code="Y">2023-08-17 19:40:06 Europe/Berlin</subfield>
    <subfield code="h">false</subfield>
    <subfield code="n">32XBR1535-2021,2</subfield>
    <subfield code="P">Notation: XBR</subfield>
    <subfield code="G">1</subfield>
    <subfield code="M">49HBZ_THK</subfield>
    <subfield code="s">1</subfield>
    <subfield code="d">8</subfield>
    <subfield code="V">import</subfield>
    <subfield code="L">HBZ01: HT020936481</subfield>
    <subfield code="b">32XBR1535-2021,2</subfield>
    <subfield code="O">SISIS-Ausleihzähler Migrationsjahr: 0 | SISIS-Ausleihzähler Vor-Migrationsjahr: 0 | SISIS-Ausleihzähler vorletztes Migrationsjahr: 0 | SISIS-Vormerkzähler Migrationsjahr: 0</subfield>
    <subfield code="N">SISIS-Buchdaten-Aufnahmedatum: 2021-10-20</subfield>
    <subfield code="a">2346584960006477</subfield>
    <subfield code="c">XBR1535-2021,2</subfield>
    <subfield code="W">2023-08-17 21:55:27 Europe/Berlin</subfield>
    <subfield code="u">DEUTZ</subfield>
    <subfield code="w">DEUTZ</subfield>
  </datafield>
  <datafield tag="ITM" ind1=" " ind2=" ">
    <subfield code="H">2246585070006477</subfield>
    <subfield code="x">31</subfield>
    <subfield code="f">BOOK</subfield>
    <subfield code="v">31</subfield>
    <subfield code="X">AMO_CO_FIX</subfield>
    <subfield code="U">2023-08-16 12:59:00 Europe/Berlin</subfield>
    <subfield code="Y">2023-08-17 19:40:06 Europe/Berlin</subfield>
    <subfield code="h">false</subfield>
    <subfield code="n">31XBR1535-2021,2+7</subfield>
    <subfield code="P">Notation: XBR</subfield>
    <subfield code="G">1</subfield>
    <subfield code="M">49HBZ_THK</subfield>
    <subfield code="s">1</subfield>
    <subfield code="d">8</subfield>
    <subfield code="V">import</subfield>
    <subfield code="L">HBZ01: HT020936481</subfield>
    <subfield code="b">31XBR1535-2021,2+7</subfield>
    <subfield code="O">SISIS-Ausleihzähler Migrationsjahr: 0 | SISIS-Ausleihzähler Vor-Migrationsjahr: 3 | SISIS-Ausleihzähler vorletztes Migrationsjahr: 1 | SISIS-Vormerkzähler Migrationsjahr: 0 | SISIS-vorletztes Rückgabedatum: 2022-01-07</subfield>
    <subfield code="N">SISIS-Buchdaten-Aufnahmedatum: 2021-10-20</subfield>
    <subfield code="a">2346585000006477</subfield>
    <subfield code="c">XBR1535-2021,2</subfield>
    <subfield code="W">2023-08-17 21:55:27 Europe/Berlin</subfield>
    <subfield code="u">DEUTZ</subfield>
    <subfield code="w">DEUTZ</subfield>
  </datafield>
  <datafield tag="ITM" ind1=" " ind2=" ">
    <subfield code="H">2246585070006477</subfield>
    <subfield code="x">31</subfield>
    <subfield code="f">BOOK</subfield>
    <subfield code="v">31</subfield>
    <subfield code="X">AMO_CO_FIX</subfield>
    <subfield code="U">2023-08-16 12:59:00 Europe/Berlin</subfield>
    <subfield code="Y">2023-08-17 19:40:06 Europe/Berlin</subfield>
    <subfield code="h">false</subfield>
    <subfield code="n">31XBR1535-2021,2+5</subfield>
    <subfield code="P">Notation: XBR</subfield>
    <subfield code="G">1</subfield>
    <subfield code="M">49HBZ_THK</subfield>
    <subfield code="s">1</subfield>
    <subfield code="d">8</subfield>
    <subfield code="V">import</subfield>
    <subfield code="L">HBZ01: HT020936481</subfield>
    <subfield code="b">31XBR1535-2021,2+5</subfield>
    <subfield code="O">SISIS-Ausleihzähler Migrationsjahr: 1 | SISIS-Ausleihzähler Vor-Migrationsjahr: 8 | SISIS-Ausleihzähler vorletztes Migrationsjahr: 1 | SISIS-Vormerkzähler Migrationsjahr: 1 | SISIS-vorletztes Rückgabedatum: 2022-08-05</subfield>
    <subfield code="N">SISIS-Buchdaten-Aufnahmedatum: 2021-10-20</subfield>
    <subfield code="a">2346585020006477</subfield>
    <subfield code="c">XBR1535-2021,2</subfield>
    <subfield code="W">2023-08-17 21:55:27 Europe/Berlin</subfield>
    <subfield code="u">DEUTZ</subfield>
    <subfield code="w">DEUTZ</subfield>
  </datafield>
  <datafield tag="ITM" ind1=" " ind2=" ">
    <subfield code="H">2246585070006477</subfield>
    <subfield code="x">31</subfield>
    <subfield code="f">BOOK</subfield>
    <subfield code="v">31</subfield>
    <subfield code="X">System</subfield>
    <subfield code="U">2023-08-16 12:59:00 Europe/Berlin</subfield>
    <subfield code="Y">2023-08-17 22:42:35 Europe/Berlin</subfield>
    <subfield code="h">false</subfield>
    <subfield code="n">31XBR1535-2021,2+9</subfield>
    <subfield code="P">Notation: XBR</subfield>
    <subfield code="G">1</subfield>
    <subfield code="M">49HBZ_THK</subfield>
    <subfield code="s">0</subfield>
    <subfield code="d">8</subfield>
    <subfield code="V">import</subfield>
    <subfield code="L">HBZ01: HT020936481</subfield>
    <subfield code="b">31XBR1535-2021,2+9</subfield>
    <subfield code="O">SISIS-Ausleihzähler Migrationsjahr: 1 | SISIS-Ausleihzähler Vor-Migrationsjahr: 0 | SISIS-Ausleihzähler vorletztes Migrationsjahr: 3 | SISIS-Vormerkzähler Migrationsjahr: 1 | SISIS-vorletztes Rückgabedatum: 2021-10-21</subfield>
    <subfield code="N">SISIS-Buchdaten-Aufnahmedatum: 2021-10-20</subfield>
    <subfield code="a">2346584980006477</subfield>
    <subfield code="c">XBR1535-2021,2</subfield>
    <subfield code="r">LOAN</subfield>
    <subfield code="W">2023-08-17 21:55:27 Europe/Berlin</subfield>
    <subfield code="u">DEUTZ</subfield>
    <subfield code="w">DEUTZ</subfield>
  </datafield>
  <datafield tag="ITM" ind1=" " ind2=" ">
    <subfield code="H">2246585070006477</subfield>
    <subfield code="x">31</subfield>
    <subfield code="f">BOOK</subfield>
    <subfield code="v">31</subfield>
    <subfield code="X">AMO_CO_FIX</subfield>
    <subfield code="U">2023-08-16 12:59:00 Europe/Berlin</subfield>
    <subfield code="Y">2023-08-17 19:40:06 Europe/Berlin</subfield>
    <subfield code="h">false</subfield>
    <subfield code="n">31XBR1535-2021,2+8</subfield>
    <subfield code="P">Notation: XBR</subfield>
    <subfield code="G">1</subfield>
    <subfield code="M">49HBZ_THK</subfield>
    <subfield code="s">1</subfield>
    <subfield code="d">8</subfield>
    <subfield code="V">import</subfield>
    <subfield code="L">HBZ01: HT020936481</subfield>
    <subfield code="b">31XBR1535-2021,2+8</subfield>
    <subfield code="O">SISIS-Ausleihzähler Migrationsjahr: 1 | SISIS-Ausleihzähler Vor-Migrationsjahr: 2 | SISIS-Ausleihzähler vorletztes Migrationsjahr: 1 | SISIS-Vormerkzähler Migrationsjahr: 0 | SISIS-vorletztes Rückgabedatum: 2022-08-02</subfield>
    <subfield code="N">SISIS-Buchdaten-Aufnahmedatum: 2021-10-20</subfield>
    <subfield code="a">2346584990006477</subfield>
    <subfield code="c">XBR1535-2021,2</subfield>
    <subfield code="W">2023-08-17 21:55:27 Europe/Berlin</subfield>
    <subfield code="u">DEUTZ</subfield>
    <subfield code="w">DEUTZ</subfield>
  </datafield>
  <datafield tag="H52" ind1="8" ind2=" ">
    <subfield code="b">BR</subfield>
    <subfield code="c">Freihand</subfield>
    <subfield code="8">22212938780006445</subfield>
  </datafield>
  <datafield tag="HOL" ind1=" " ind2=" ">
    <subfield code="d">2021-07-09 10:19:40</subfield>
    <subfield code="8">22212938780006445</subfield>
    <subfield code="b">2021-07-09 10:19:28</subfield>
    <subfield code="M">49HBZ_UBD</subfield>
    <subfield code="g">false</subfield>
    <subfield code="a">DE1130000165088</subfield>
    <subfield code="c">DE1130000165088</subfield>
  </datafield>
  <datafield tag="ITM" ind1=" " ind2=" ">
    <subfield code="H">22212938780006445</subfield>
    <subfield code="x">Freihand</subfield>
    <subfield code="f">BOOK</subfield>
    <subfield code="v">Freihand</subfield>
    <subfield code="X">DE1130000166347</subfield>
    <subfield code="U">2021-07-20 11:38:40 Europe/Berlin</subfield>
    <subfield code="Y">2023-05-22 11:58:23 Europe/Berlin</subfield>
    <subfield code="n">Xn 16803-2</subfield>
    <subfield code="M">49HBZ_UBD</subfield>
    <subfield code="s">1</subfield>
    <subfield code="d">8</subfield>
    <subfield code="V">DE1130000165088</subfield>
    <subfield code="b">50000067433</subfield>
    <subfield code="a">23212938760006445</subfield>
    <subfield code="S">POL-1745</subfield>
    <subfield code="W">2021-07-09 12:20:45 Europe/Berlin</subfield>
    <subfield code="u">BR</subfield>
    <subfield code="w">BR</subfield>
  </datafield>
  <datafield tag="H52" ind1="8" ind2=" ">
    <subfield code="b">UB</subfield>
    <subfield code="c">UB_G3/B4</subfield>
    <subfield code="h">WSA7543-2021,2</subfield>
    <subfield code="8">22106203870006471</subfield>
  </datafield>
  <datafield tag="HOL" ind1=" " ind2=" ">
    <subfield code="b">2023-07-30 14:30:13</subfield>
    <subfield code="8">22106203870006471</subfield>
    <subfield code="M">49HBZ_UBO</subfield>
    <subfield code="g">false</subfield>
    <subfield code="a">import</subfield>
  </datafield>
  <datafield tag="ITM" ind1=" " ind2=" ">
    <subfield code="H">22106203870006471</subfield>
    <subfield code="x">UB_G3/B4</subfield>
    <subfield code="f">BOOK</subfield>
    <subfield code="v">UB_G3/B4</subfield>
    <subfield code="p">S</subfield>
    <subfield code="X">AMO_TL2_FIX</subfield>
    <subfield code="U">2023-07-30 12:59:00 Europe/Berlin</subfield>
    <subfield code="Y">2023-07-31 18:08:30 Europe/Berlin</subfield>
    <subfield code="h">false</subfield>
    <subfield code="n">WSA7543-2021,2</subfield>
    <subfield code="G">1</subfield>
    <subfield code="M">49HBZ_UBO</subfield>
    <subfield code="s">1</subfield>
    <subfield code="d">8</subfield>
    <subfield code="V">import</subfield>
    <subfield code="L">HBZ01: HT020936481 | Anzahl  Beilagen: 1</subfield>
    <subfield code="b">WSA7543-2021,2</subfield>
    <subfield code="O">SISIS-Vormerkzähler Migrationsjahr: 1 | SISIS-Buchdaten-Aufnahmedatum: 2022-01-13</subfield>
    <subfield code="N">Sigel: 294 | Klassifikation: 3314 | SISIS-Ausleihzähler Migrationsjahr: 6</subfield>
    <subfield code="a">23106203860006471</subfield>
    <subfield code="c">WSA7543-2021,2</subfield>
    <subfield code="B">2022-319</subfield>
    <subfield code="W">2023-07-30 16:30:13 Europe/Berlin</subfield>
    <subfield code="u">UB</subfield>
    <subfield code="w">UB</subfield>
  </datafield>
  <datafield tag="H52" ind1="8" ind2=" ">
    <subfield code="b">E0001</subfield>
    <subfield code="c">E31</subfield>
    <subfield code="h">XBR2028-2021,2</subfield>
    <subfield code="8">22448939930006446</subfield>
  </datafield>
  <datafield tag="HOL" ind1=" " ind2=" ">
    <subfield code="d">2021-10-07 10:29:57</subfield>
    <subfield code="8">22448939930006446</subfield>
    <subfield code="b">2021-10-07 10:28:04</subfield>
    <subfield code="M">49HBZ_UDE</subfield>
    <subfield code="g">false</subfield>
    <subfield code="a">CE00001409</subfield>
    <subfield code="c">exl_api</subfield>
  </datafield>
  <datafield tag="ITM" ind1=" " ind2=" ">
    <subfield code="H">22448939930006446</subfield>
    <subfield code="x">EHA</subfield>
    <subfield code="f">BOOK</subfield>
    <subfield code="v">E31</subfield>
    <subfield code="X">System</subfield>
    <subfield code="U">2021-10-07 08:26:25 Europe/Berlin</subfield>
    <subfield code="Y">2022-07-26 10:41:09 Europe/Berlin</subfield>
    <subfield code="n">XBR2028-2021,2</subfield>
    <subfield code="P">21</subfield>
    <subfield code="M">49HBZ_UDE</subfield>
    <subfield code="s">0</subfield>
    <subfield code="d">8</subfield>
    <subfield code="V">CE00001409</subfield>
    <subfield code="b">DE00637881</subfield>
    <subfield code="a">23448939910006446</subfield>
    <subfield code="t">8</subfield>
    <subfield code="c">XBR2028-2021,2</subfield>
    <subfield code="r">LOAN</subfield>
    <subfield code="S">UB21-5008</subfield>
    <subfield code="W">2021-10-07 12:29:56 Europe/Berlin</subfield>
    <subfield code="u">E0001</subfield>
    <subfield code="w">E0001</subfield>
  </datafield>
  <datafield tag="ITM" ind1=" " ind2=" ">
    <subfield code="H">22448939930006446</subfield>
    <subfield code="x">E31</subfield>
    <subfield code="f">BOOK</subfield>
    <subfield code="v">E31</subfield>
    <subfield code="X">5502489320006446</subfield>
    <subfield code="U">2021-10-07 12:49:15 Europe/Berlin</subfield>
    <subfield code="Y">2023-04-04 19:47:22 Europe/Berlin</subfield>
    <subfield code="n">XBR2028-2021,2+1</subfield>
    <subfield code="P">21</subfield>
    <subfield code="Q">BA</subfield>
    <subfield code="M">49HBZ_UDE</subfield>
    <subfield code="s">1</subfield>
    <subfield code="d">8</subfield>
    <subfield code="V">CE00001409</subfield>
    <subfield code="b">DE00637884</subfield>
    <subfield code="a">23448939860006446</subfield>
    <subfield code="t">8</subfield>
    <subfield code="c">XBR2028-2021,2</subfield>
    <subfield code="S">UB21-5009</subfield>
    <subfield code="W">2021-10-07 12:48:57 Europe/Berlin</subfield>
    <subfield code="u">E0001</subfield>
    <subfield code="w">E0001</subfield>
  </datafield>
  <datafield tag="H52" ind1="8" ind2=" ">
    <subfield code="b">S0001</subfield>
    <subfield code="c">PB</subfield>
    <subfield code="8">2258786060006462</subfield>
  </datafield>
  <datafield tag="HOL" ind1=" " ind2=" ">
    <subfield code="b">2022-07-11 07:32:08</subfield>
    <subfield code="8">2258786060006462</subfield>
    <subfield code="M">49HBZ_SIE</subfield>
    <subfield code="g">false</subfield>
    <subfield code="a">import</subfield>
  </datafield>
  <datafield tag="ITM" ind1=" " ind2=" ">
    <subfield code="H">2258786060006462</subfield>
    <subfield code="x">PB</subfield>
    <subfield code="f">BOOK</subfield>
    <subfield code="v">PB</subfield>
    <subfield code="p">10</subfield>
    <subfield code="X">SI000001267</subfield>
    <subfield code="U">2021-06-14 10:58:04 Europe/Berlin</subfield>
    <subfield code="Y">2023-08-16 13:18:48 Europe/Berlin</subfield>
    <subfield code="h">false</subfield>
    <subfield code="n">53XBR5068-2021,2</subfield>
    <subfield code="P">62///1</subfield>
    <subfield code="M">49HBZ_SIE</subfield>
    <subfield code="s">1</subfield>
    <subfield code="d">8</subfield>
    <subfield code="V">import</subfield>
    <subfield code="L">uk</subfield>
    <subfield code="b">53XBR5068-2021,2</subfield>
    <subfield code="a">2358786050006462</subfield>
    <subfield code="t">8</subfield>
    <subfield code="R">Maintenance count: 002</subfield>
    <subfield code="S">238624</subfield>
    <subfield code="B">21/1947</subfield>
    <subfield code="D">2021-06-22 08:58:04</subfield>
    <subfield code="W">2021-06-14 02:00:00 Europe/Berlin</subfield>
    <subfield code="u">S0001</subfield>
    <subfield code="w">S0001</subfield>
  </datafield>
  <datafield tag="GKT" ind1="2" ind2=" ">
    <subfield code="a">Baukosteninformationszentrum</subfield>
    <subfield code="A">GND</subfield>
    <subfield code="B">GND-952415585</subfield>
    <subfield code="C">410</subfield>
  </datafield>
  <datafield tag="GKT" ind1="2" ind2=" ">
    <subfield code="a">BKI</subfield>
    <subfield code="4">abku</subfield>
    <subfield code="4">https://d-nb.info/standards/elementset/gnd#abbreviatedNameForTheCorporateBody</subfield>
    <subfield code="w">r</subfield>
    <subfield code="i">Abkuerzung</subfield>
    <subfield code="e">Abkuerzung</subfield>
    <subfield code="A">GND</subfield>
    <subfield code="B">GND-952415585</subfield>
    <subfield code="C">410</subfield>
  </datafield>
  <datafield tag="GKT" ind1="2" ind2=" ">
    <subfield code="a">Baukosteninformationszentrum Deutscher Architektenkammern GmbH</subfield>
    <subfield code="A">GND</subfield>
    <subfield code="B">GND-952415585</subfield>
    <subfield code="C">410</subfield>
  </datafield>
  <datafield tag="GSI" ind1="7" ind2=" ">
    <subfield code="a">5253963-5</subfield>
    <subfield code="0">http://d-nb.info/gnd/5253963-5</subfield>
    <subfield code="2">gnd</subfield>
    <subfield code="A">GND</subfield>
    <subfield code="B">GND-952415585</subfield>
    <subfield code="C">024</subfield>
  </datafield>
</record>
